<record><leader>00000cas a22000007a 4500</leader><controlfield tag="001">11748718</controlfield><controlfield tag="008">850228d19131961mtudn ne      0   a0eng d</controlfield><datafield ind1=" " ind2=" " tag="010"><subfield code="a">sn 85053058 </subfield></datafield><datafield ind1=" " ind2=" " tag="040"><subfield code="a">MTL</subfield><subfield code="b">eng</subfield><subfield code="c">MTL</subfield><subfield code="d">MTG</subfield><subfield code="d">OCLCQ</subfield><subfield code="d">DLC</subfield><subfield code="d">OCLCF</subfield><subfield code="d">DLC</subfield></datafield><datafield ind1="0" ind2=" " tag="022"><subfield code="a">2472-0283</subfield><subfield code="2">1</subfield></datafield><datafield ind1=" " ind2=" " tag="042"><subfield code="a">msc</subfield><subfield code="a">nsdp</subfield></datafield><datafield ind1=" " ind2=" " tag="043"><subfield code="a">n-us-mt</subfield></datafield><datafield ind1="0" ind2="0" tag="050"><subfield code="a">Newspaper</subfield></datafield><datafield ind1="1" ind2="0" tag="082"><subfield code="a">071</subfield><subfield code="2">23</subfield></datafield><datafield ind1=" " ind2="4" tag="222"><subfield code="a">The Butte daily post</subfield><subfield code="b">(Print)</subfield></datafield><datafield ind1="0" ind2="4" tag="245"><subfield code="a">The Butte daily post.</subfield></datafield><datafield ind1="3" ind2="0" tag="246"><subfield code="a">Montana standard-post</subfield></datafield><datafield ind1=" " ind2=" " tag="260"><subfield code="a">Butte, Mont. :</subfield><subfield code="b">Post Pub. Co.,</subfield><subfield code="c">1913-1961.</subfield></datafield><datafield ind1=" " ind2=" " tag="300"><subfield code="a">48 v. :</subfield><subfield code="b">ill. ;</subfield><subfield code="c">55-57 cm.</subfield></datafield><datafield ind1=" " ind2=" " tag="310"><subfield code="a">Daily (except Sun.)</subfield></datafield><datafield ind1="0" ind2=" " tag="362"><subfield code="a">Vol. 1, no. 1 (Jan. 2, 1913)-v. 48, no. 141 (July 21, 1961).</subfield></datafield><datafield ind1=" " ind2=" " tag="500"><subfield code="a">Saturday edition, Nov. 14, 1959-July 22, 1961, published in combined issue with Montana standard (Butte, Mont. : 1928), called: Montana standard-post.</subfield></datafield><datafield ind1=" " ind2=" " tag="530"><subfield code="a">Archived issues are available in digital format from the Library of Congress Chronicling America online collection.</subfield></datafield><datafield ind1=" " ind2="0" tag="651"><subfield code="a">Butte (Mont.)</subfield><subfield code="v">Periodicals.</subfield></datafield><datafield ind1=" " ind2="7" tag="651"><subfield code="a">Montana</subfield><subfield code="z">Butte.</subfield><subfield code="2">fast</subfield><subfield code="0">(OCoLC)fst01213861</subfield></datafield><datafield ind1=" " ind2="7" tag="655"><subfield code="a">Periodicals.</subfield><subfield code="2">fast</subfield><subfield code="0">(OCoLC)fst01411641</subfield></datafield><datafield ind1=" " ind2=" " tag="752"><subfield code="a">United States</subfield><subfield code="b">Montana</subfield><subfield code="c">Silver Bow</subfield><subfield code="d">Butte.</subfield></datafield><datafield ind1="0" ind2="8" tag="776"><subfield code="i">Online version:</subfield><subfield code="t">Butte daily post</subfield><subfield code="x">2472-0291</subfield><subfield code="w">(DLC)  2016271055</subfield><subfield code="w">(OCoLC)946988520</subfield></datafield><datafield ind1="0" ind2="0" tag="780"><subfield code="t">Butte inter mountain</subfield><subfield code="x">2332-7502</subfield><subfield code="w">(DLC)sn 83025294</subfield><subfield code="w">(OCoLC)9373008</subfield></datafield><datafield ind1="0" ind2="7" tag="785"><subfield code="t">Montana standard (Butte, Mont. : 1928)</subfield><subfield code="w">(DLC)sn 84024813</subfield></datafield><datafield ind1="0" ind2="7" tag="785"><subfield code="t">Montana standard and the Butte daily post</subfield><subfield code="w">(DLC)sn 85053097</subfield></datafield><datafield ind1="4" ind2="1" tag="856"><subfield code="u">http://www.loc.gov/chroniclingamerica/lccn/sn85053058/issues</subfield></datafield></record>